<?xml version="1.0" encoding="UTF-8"?><collection xmlns="http://www.loc.gov/MARC21/slim"><record><leader>00391nam--2200145-i-4500</leader><controlfield tag="001">000007449</controlfield><controlfield tag="002">20161230</controlfield><controlfield tag="005">20170114222016</controlfield><controlfield tag="008">060222s1000------------r-----000-0-eng-d</controlfield><datafield ind1=" " ind2=" " tag="100"><subfield code="a">Cahn, R. S</subfield></datafield><datafield ind1=" " ind2=" " tag="245"><subfield code="a">Survey of chemical publications and report to the chemical society</subfield></datafield><datafield ind1=" " ind2=" " tag="260"><subfield code="a">London</subfield><subfield code="b">The Chemical Society</subfield><subfield code="c">1965</subfield></datafield><datafield ind1=" " ind2=" " tag="300"><subfield code="a">97 p</subfield></datafield><datafield ind1=" " ind2=" " tag="852"><subfield code="a">22461</subfield></datafield><datafield ind1=" " ind2=" " tag="CAT"><subfield code="a">SYS</subfield><subfield code="c">20170114</subfield><subfield code="h">222016</subfield></datafield></record></collection>